
@article{calzetti2001,
  title = {The {{Effects}} of {{Dust}} on the {{Spectral Energy Distributions}} of {{Star}}-{{Forming Galaxies}}},
  author = {Calzetti, Daniela},
  year = {2001},
  month = oct,
  volume = {45},
  pages = {601--607},
  issn = {13876473},
  doi = {10.1016/S1387-6473(01)00144-0},
  archivePrefix = {arXiv},
  eprint = {astro-ph/0008403},
  eprinttype = {arxiv},
  file = {/Users/ChangHoon/Zotero/storage/DDVB8UUK/Calzetti - 2001 - The Effects of Dust on the Spectral Energy Distrib.pdf;/Users/ChangHoon/Zotero/storage/ZSYXSXLC/0008403.html},
  journal = {New Astronomy Reviews},
  keywords = {Astrophysics},
  number = {9-10}
}

@article{hahn2017a,
  title = {Approximate {{Bayesian Computation}} in {{Large Scale Structure}}: Constraining the Galaxy-Halo Connection},
  shorttitle = {Approximate {{Bayesian Computation}} in {{Large Scale Structure}}},
  author = {Hahn, ChangHoon and Vakili, Mohammadjavad and Walsh, Kilian and Hearin, Andrew P. and Hogg, David W. and Campbell, Duncan},
  year = {2017},
  month = aug,
  volume = {469},
  pages = {2791--2805},
  issn = {0035-8711, 1365-2966},
  doi = {10.1093/mnras/stx894},
  archivePrefix = {arXiv},
  eprint = {1607.01782},
  eprinttype = {arxiv},
  file = {/Users/ChangHoon/Zotero/storage/7PC9B39G/Hahn et al. - 2017 - Approximate Bayesian Computation in Large Scale St.pdf;/Users/ChangHoon/Zotero/storage/HPNZWAZN/1607.html},
  journal = {Monthly Notices of the Royal Astronomical Society},
  keywords = {Astrophysics - Cosmology and Nongalactic Astrophysics},
  number = {3}
}

@article{ishida2015,
  title = {{{COSMOABC}}: {{Likelihood}}-Free Inference via {{Population Monte Carlo Approximate Bayesian Computation}}},
  shorttitle = {{{COSMOABC}}},
  author = {Ishida, E. E. O. and Vitenti, S. D. P. and {Penna-Lima}, M. and Cisewski, J. and {de Souza}, R. S. and Trindade, A. M. M. and Cameron, E. and Busti, V. C. and {COIN Collaboration}},
  year = {2015},
  month = nov,
  volume = {13},
  pages = {1--11},
  issn = {2213-1337},
  doi = {10.1016/j.ascom.2015.09.001},
  journal = {Astronomy and Computing},
  keywords = {(cosmology:) large-scale structure of universe,Galaxies: statistics}
}

@article{kriek2013,
  title = {The {{Dust Attenuation Law}} in {{Distant Galaxies}}: {{Evidence}} for {{Variation}} with {{Spectral Type}}},
  shorttitle = {The {{Dust Attenuation Law}} in {{Distant Galaxies}}},
  author = {Kriek, Mariska and Conroy, Charlie},
  year = {2013},
  month = sep,
  volume = {775},
  pages = {L16},
  issn = {0004-637X},
  doi = {10.1088/2041-8205/775/1/L16},
  file = {/Users/ChangHoon/Zotero/storage/GYV99GDG/Kriek and Conroy - 2013 - The Dust Attenuation Law in Distant Galaxies Evid.pdf},
  journal = {The Astrophysical Journal Letters},
  keywords = {dust,extinction,galaxies: stellar content}
}

@article{narayanan2018,
  title = {A {{Theory}} for the {{Variation}} of {{Dust Attenuation Laws}} in {{Galaxies}}},
  author = {Narayanan, Desika and Conroy, Charlie and Dav{\'e}, Romeel and Johnson, Benjamin D. and Popping, Gerg{\"o}},
  year = {2018},
  month = dec,
  volume = {869},
  pages = {70},
  issn = {0004-637X},
  doi = {10.3847/1538-4357/aaed25},
  file = {/Users/ChangHoon/Zotero/storage/6ESQPXY7/Narayanan et al. - 2018 - A Theory for the Variation of Dust Attenuation Law.pdf},
  journal = {The Astrophysical Journal},
  keywords = {dust,extinction,galaxies: ISM}
}

@article{noll2009,
  title = {Analysis of Galaxy Spectral Energy Distributions from Far-{{UV}} to Far-{{IR}} with {{CIGALE}}: Studying a {{SINGS}} Test Sample},
  shorttitle = {Analysis of Galaxy Spectral Energy Distributions from Far-{{UV}} to Far-{{IR}} with {{CIGALE}}},
  author = {Noll, S. and Burgarella, D. and Giovannoli, E. and Buat, V. and Marcillac, D. and {Mu{\~n}oz-Mateos}, J. C.},
  year = {2009},
  month = dec,
  volume = {507},
  pages = {1793--1813},
  issn = {0004-6361},
  doi = {10.1051/0004-6361/200912497},
  file = {/Users/ChangHoon/Zotero/storage/6YHEWKBC/Noll et al. - 2009 - Analysis of galaxy spectral energy distributions f.pdf;/Users/ChangHoon/Zotero/storage/H7J2YSEQ/Noll et al. - 2009 - Analysis of galaxy spectral energy distributions f.pdf;/Users/ChangHoon/Zotero/storage/GT2HUNR5/abstract.html},
  journal = {Astronomy and Astrophysics},
  keywords = {galaxies: fundamental parameters,galaxies: ISM,galaxies: stellar content,infrared: galaxies,methods: data analysis,ultraviolet: galaxies}
}

@article{salim2020,
  title = {The {{Dust Attenuation Law}} in {{Galaxies}}},
  author = {Salim, Samir and Narayanan, Desika},
  year = {2020},
  month = jan,
  archivePrefix = {arXiv},
  eprint = {2001.03181},
  eprinttype = {arxiv},
  file = {/Users/ChangHoon/Zotero/storage/ITB5ZUU2/Salim and Narayanan - 2020 - The Dust Attenuation Law in Galaxies.pdf;/Users/ChangHoon/Zotero/storage/YKLKVZ4E/2001.html},
  journal = {arXiv:2001.03181 [astro-ph]},
  keywords = {Astrophysics - Astrophysics of Galaxies},
  primaryClass = {astro-ph}
}

@article{somerville1999,
  title = {Semi-Analytic Modelling of Galaxy Formation: The Local {{Universe}}},
  shorttitle = {Semi-Analytic Modelling of Galaxy Formation},
  author = {Somerville, Rachel S. and Primack, Joel R.},
  year = {1999},
  month = dec,
  volume = {310},
  pages = {1087--1110},
  issn = {0035-8711},
  doi = {10.1046/j.1365-8711.1999.03032.x},
  file = {/Users/ChangHoon/Zotero/storage/BCZ77GX6/Somerville and Primack - 1999 - Semi-analytic modelling of galaxy formation the l.pdf},
  journal = {Monthly Notices of the Royal Astronomical Society},
  keywords = {COSMOLOGY: THEORY,GALAXIES: EVOLUTION,GALAXIES: FORMATION}
}


